<?xml version="1.0" encoding="UTF-8"?><collection xmlns="http://www.loc.gov/MARC21/slim"><record><leader>00384nam--2200121-i-4500</leader><controlfield tag="001">000013208</controlfield><controlfield tag="002">20161230</controlfield><controlfield tag="005">20161230201030</controlfield><controlfield tag="008">060222s1000------------r-----000-0-eng-d</controlfield><datafield ind1=" " ind2=" " tag="245"><subfield code="a">Benchmark papers in electrical engineering and computer science. vol.18:optical communication theory</subfield></datafield><datafield ind1=" " ind2=" " tag="260"><subfield code="a">Stroudsburg, Dowden, Hutchinson &amp; Ross, Inc., 1977-</subfield></datafield><datafield ind1=" " ind2=" " tag="700"><subfield code="a">Harger, R.O</subfield></datafield><datafield ind1=" " ind2=" " tag="852"><subfield code="a">45637</subfield></datafield></record></collection>